<record><leader>00000cas a22000007a 4500</leader><controlfield tag="001">12156600</controlfield><controlfield tag="008">850614d18751880ohuwr ne      0    0eng d</controlfield><datafield ind1=" " ind2=" " tag="010"><subfield code="a">sn 85026322 </subfield></datafield><datafield ind1=" " ind2=" " tag="040"><subfield code="a">NPX</subfield><subfield code="b">eng</subfield><subfield code="c">NPX</subfield><subfield code="d">ONP</subfield><subfield code="d">OCLCQ</subfield></datafield><datafield ind1=" " ind2=" " tag="042"><subfield code="a">msc</subfield></datafield><datafield ind1="0" ind2="4" tag="245"><subfield code="a">The Miami gazette and Harveysburg reporter.</subfield></datafield><datafield ind1=" " ind2=" " tag="260"><subfield code="a">Waynesville, Ohio :</subfield><subfield code="b">J. Sands &amp; Drew Sweet,</subfield><subfield code="c">1875-1880.</subfield></datafield><datafield ind1=" " ind2=" " tag="300"><subfield code="a">v.</subfield></datafield><datafield ind1=" " ind2=" " tag="310"><subfield code="a">Weekly</subfield></datafield><datafield ind1="0" ind2=" " tag="362"><subfield code="a">Vol. 15, no. 42 (Apr. 21, 1875)-v. 20, no. 52 (June 23, 1880) = Whole no. 510-whole. no. 780.</subfield></datafield><datafield ind1=" " ind2=" " tag="752"><subfield code="a">United States</subfield><subfield code="b">Ohio</subfield><subfield code="c">Warren</subfield><subfield code="d">Waynesville.</subfield></datafield><datafield ind1="0" ind2="0" tag="780"><subfield code="t">Miami gazette (Waynesville, Ohio : 1865)</subfield><subfield code="w">(DLC)sn 86079070</subfield></datafield><datafield ind1="0" ind2="0" tag="785"><subfield code="t">Miami gazette (Waynesville, Ohio : 1880)</subfield><subfield code="w">(DLC)sn 88077489</subfield></datafield></record>